<record><leader>00000cas a2200000 a 4500</leader><controlfield tag="001">17153587</controlfield><controlfield tag="008">871130d19551957wauwr ne      0    0eng d</controlfield><datafield ind1=" " ind2=" " tag="010"><subfield code="a">sn 87093150 </subfield></datafield><datafield ind1=" " ind2=" " tag="040"><subfield code="a">SLZ</subfield><subfield code="b">eng</subfield><subfield code="c">SLZ</subfield><subfield code="d">NVB</subfield><subfield code="d">OCL</subfield><subfield code="d">OCLCQ</subfield><subfield code="d">OCLCF</subfield><subfield code="d">OCLCO</subfield></datafield><datafield ind1="1" ind2=" " tag="029"><subfield code="a">AU@</subfield><subfield code="b">000025840389</subfield></datafield><datafield ind1=" " ind2=" " tag="042"><subfield code="a">msc</subfield></datafield><datafield ind1=" " ind2=" " tag="043"><subfield code="a">n-us-wa</subfield></datafield><datafield ind1="0" ind2=" " tag="130"><subfield code="a">Independent (Republic, Wash.)</subfield></datafield><datafield ind1="1" ind2="4" tag="245"><subfield code="a">The independent.</subfield></datafield><datafield ind1="1" ind2="7" tag="246"><subfield code="a">Ferry County weekly</subfield></datafield><datafield ind1=" " ind2=" " tag="260"><subfield code="a">Republic, Wash. :</subfield><subfield code="b">Joe Killin</subfield></datafield><datafield ind1=" " ind2=" " tag="300"><subfield code="a">v.</subfield></datafield><datafield ind1=" " ind2=" " tag="310"><subfield code="a">Weekly</subfield></datafield><datafield ind1="1" ind2=" " tag="362"><subfield code="a">Began in Aug. 1955; ceased in Nov. 1957.</subfield></datafield><datafield ind1=" " ind2=" " tag="588"><subfield code="a">Description based on: Vol. 32, no. 1 (Sept. 22, 1955).</subfield></datafield><datafield ind1=" " ind2="0" tag="651"><subfield code="a">Republic (Wash.)</subfield><subfield code="v">Newspapers.</subfield></datafield><datafield ind1=" " ind2="7" tag="655"><subfield code="a">Newspapers.</subfield><subfield code="2">fast</subfield><subfield code="0">(OCoLC)fst01423814</subfield></datafield><datafield ind1=" " ind2="7" tag="651"><subfield code="a">Washington (State)</subfield><subfield code="z">Republic.</subfield><subfield code="2">fast</subfield><subfield code="0">(OCoLC)fst01232686</subfield></datafield><datafield ind1=" " ind2=" " tag="752"><subfield code="a">United States</subfield><subfield code="b">Washington</subfield><subfield code="c">Ferry</subfield><subfield code="d">Republic.</subfield></datafield><datafield ind1="0" ind2="0" tag="780"><subfield code="t">Latah County press (Troy, Idaho)</subfield><subfield code="w">(DLC)sn 89055099</subfield></datafield><datafield ind1="0" ind2="0" tag="785"><subfield code="t">Latah County press (Deary, Idaho)</subfield><subfield code="w">(DLC)sn 89055098</subfield></datafield></record>